@Misc{ Medeiros,
	title = "Clima em ebulição",
	author = "Marcelo Medeiros",
	journal = "Jornal da Ciência, e-mail 4063",
	month = "Jul",
	year = "2010",
	url = "http://www.jornaldaciencia.org.br/Detalhe.jsp?id=72470"
}

@Misc{ Reuters,
	title = "Estudo canadense prevê aquecimento global por séculos",
	author = "Reuters",
	journal = "Jornal da Ciência, e-mail 4063",
	month = Jan,
	year = "2011",
	url = "http://www.jornaldaciencia.org.br/Detalhe.jsp?id=75782",
}

@Misc{ Fernando,
	title = "Em defesa do gás carbônico, artigo de Fernando Reinach",
	author = "Fernand Reinach",
	journal = "Jornal da Ciência, e-mail 3251",
	month = "Abr",
	year = "2007",
	url = "http://www.jornaldaciencia.org.br/Detalhe.jsp?id=46424"
}
